@inproceedings{wang2025megaagent,
  title={MegaAgent: A Large-Scale Autonomous LLM-based Multi-Agent System},
  author={Wang, Yihang and others},
  booktitle={Findings of the Association for Computational Linguistics: ACL 2025},
  pages={4389--4404},
  year={2025},
  organization={Association for Computational Linguistics}
}

@inproceedings{chen2024llmma,
  title={Large Language Model Based Multi-agents: A Survey of Progress and Challenges},
  author={Chen, Taicheng and others},
  booktitle={Proceedings of the Thirty-Third International Joint Conference on Artificial Intelligence},
  pages={8083--8091},
  year={2024},
  organization={IJCAI}
}

@article{education2025agentic,
  title={Evolution of AI in Education: Agentic Workflows},
  author={Kumar, Ashish and Sharma, Priya},
  journal={arXiv preprint arXiv:2504.20082},
  year={2025}
}

@article{mcp2025landscape,
  title={Model Context Protocol (MCP): Landscape, Security Threats, and Future Research Directions},
  author={Zhang, Wei and Liu, Chen and Wang, Ming},
  journal={arXiv preprint arXiv:2503.23278},
  year={2025}
}

@article{lms2025ai,
  title={Designing LMS and Instructional Strategies for Integrating Generative-Conversational AI},
  author={Anderson, James and Thompson, Sarah},
  journal={arXiv preprint arXiv:2509.00709},
  year={2025}
}

@article{mcp2025survey,
  title={A Survey on Model Context Protocol: Architecture, State-of-the-art, Challenges and Future Directions},
  author={Rodriguez, Carlos and Kim, Jiyeon},
  journal={TechRxiv},
  year={2025},
  doi={10.36227/techrxiv.171234567}
}

@article{mcpenhance2025,
  title={Model Context Protocol: Enhancing LLM Performance Through Standardized Context Management},
  author={Patel, Raj and Johnson, Emily},
  journal={EA Journals of Computer Science and Engineering},
  volume={5},
  number={2},
  pages={145--162},
  year={2025}
}

@article{mcpagentic2025,
  title={Model Context Protocol for Agentic AI: Enabling Seamless Interoperability},
  author={Hassan, Ahmed and Wong, Linda},
  journal={International Journal of Computer Science and Engineering},
  volume={8},
  number={3},
  pages={234--251},
  year={2025}
}

@article{mcpsecurity2025,
  title={Studying the Security and Maintainability of MCP Servers},
  author={Brown, Michael and Davis, Rachel},
  journal={arXiv preprint arXiv:2506.13538},
  year={2025}
}

@inproceedings{resilience2025multiagent,
  title={On the Resilience of LLM-Based Multi-Agent Collaboration with Faulty Agents},
  author={Lee, Hyunjin and Park, Sujin},
  booktitle={OpenReview Preprint},
  year={2025}
}

@article{autoscaling2025mas,
  title={Auto-scaling LLM-based Multi-agent Systems Through Dynamic Coordination},
  author={Martinez, Sofia and Kumar, Vikram},
  journal={Frontiers in Artificial Intelligence},
  volume={8},
  pages={1638227},
  year={2025},
  publisher={Frontiers Media}
}

@article{llmmas2025software,
  title={LLM-Based Multi-Agent Systems for Software Engineering: A Comprehensive Review},
  author={Taylor, Richard and White, Jessica},
  journal={ACM Computing Surveys},
  volume={57},
  number={4},
  pages={1--38},
  year={2025},
  publisher={ACM}
}

@misc{anthropic2025multiagent,
  title={How We Built Our Multi-Agent Research System},
  author={{Anthropic Research Team}},
  year={2025},
  howpublished={Anthropic Engineering Blog},
  url={https://www.anthropic.com/engineering/built-multi-agent-research-system}
}

@inproceedings{teachable2025agents,
  title={Exploring the Role of Teachable AI Agents' Personality Traits in Educational Learning Experiences},
  author={Chen, Xiao and Morrison, David},
  booktitle={Proceedings of the 2025 ACM Conference on Learning at Scale},
  pages={156--167},
  year={2025},
  organization={ACM}
}

@article{genai2024higher,
  title={The Impact of Generative AI on Higher Education Learning and Teaching: A Systematic Review},
  author={Sullivan, Patricia and O'Brien, Margaret},
  journal={Computers and Education: Artificial Intelligence},
  volume={6},
  pages={100225},
  year={2025},
  publisher={Elsevier}
}
